@misc{mariadb,
 title={MariaDB Server Documentation},
 url={https://mariadb.com/kb/en/library/documentation/}
}
@misc{bash,
 title={GNU Bash manual},
 url={https://www.gnu.org/software/bash/manual/}
}
@misc{matan,
 title={Зорич В.А. Матанализ. Часть I. – С.26 [Электронный ресурс]: учебник / изд. 10-е, 2019. 564 с.},
 url={https://matan.math.msu.su/media/uploads/2020/03/V.A.Zorich-Kniga-I-10-izdanie-Corr.pdf#page=26}
}

